<?xml version="1.0" encoding="UTF-8"?><record xmlns="http://www.loc.gov/MARC21/slim" xmlns:cinclude="http://apache.org/cocoon/include/1.0" xmlns:zs="http://www.loc.gov/zing/srw/">
  <leader>00565cz  a2200157n  4500</leader>
  <controlfield tag="001">no 98059408 </controlfield>
  <controlfield tag="003">DLC</controlfield>
  <controlfield tag="005">20100123075413.0</controlfield>
  <controlfield tag="008">980203n| acannaabn          |a aaa     c</controlfield>
  <datafield tag="010" ind1=" " ind2=" ">
    <subfield code="a">no 98059408 </subfield>
  </datafield>
  <datafield tag="035" ind1=" " ind2=" ">
    <subfield code="a">(OCoLC)oca04647364</subfield>
  </datafield>
  <datafield tag="040" ind1=" " ind2=" ">
    <subfield code="a">OCoLC</subfield>
    <subfield code="b">eng</subfield>
    <subfield code="c">OCoLC</subfield>
    <subfield code="d">TxU-Mu</subfield>
    <subfield code="d">CtY-Mus</subfield>
  </datafield>
  <datafield tag="100" ind1="1" ind2=" ">
    <subfield code="a">Dedrick, Rusty,</subfield>
    <subfield code="d">1918-2009.</subfield>
    <subfield code="t">Modern art suite.</subfield>
    <subfield code="p">Impressionism</subfield>
  </datafield>
  <datafield tag="400" ind1="1" ind2=" ">
    <subfield code="a">Dedrick, Rusty,</subfield>
    <subfield code="d">1918-2009.</subfield>
    <subfield code="t">Impressionism</subfield>
  </datafield>
  <datafield tag="667" ind1=" " ind2=" ">
    <subfield code="a">Machine-derived authority record.</subfield>
  </datafield>
  <datafield tag="670" ind1=" " ind2=" ">
    <subfield code="a">LCCN 97-702185: Circling Saxes (Musical group). The magnificent sound of the Circling Saxes, 1994</subfield>
  </datafield>
</record>